@inproceedings{featurehash,
  title={Feature hashing for large scale multitask learning},
  author={Weinberger, K. and Dasgupta, A. and Langford, J. and Smola, A. and Attenberg, J.},
  booktitle={Proceedings of the 26th Annual International Conference on Machine Learning},
  pages={1113--1120},
  year={2009},
  organization={ACM}
}